@book {fef,
    AUTHOR = {Fefferman, Charles and Graham, C. Robin},
     TITLE = {The ambient metric},
    SERIES = {Annals of Mathematics Studies},
    VOLUME = {178},
 PUBLISHER = {Princeton University Press, Princeton, NJ},
      YEAR = {2012},
     PAGES = {x+113},
      ISBN = {978-0-691-15313-1},
   MRCLASS = {53A30 (53A55 53C20)},
  MRNUMBER = {2858236},
MRREVIEWER = {Michael G. Eastwood},
}

@article {Car,
    AUTHOR = {Carfora, Mauro},
     TITLE = {Renormalization group and the {R}icci flow},
   JOURNAL = {Milan J. Math.},
  FJOURNAL = {Milan Journal of Mathematics},
    VOLUME = {78},
      YEAR = {2010},
    NUMBER = {1},
     PAGES = {319--353},
      ISSN = {1424-9286},
   MRCLASS = {81T17 (53C44)},
  MRNUMBER = {2684783},
MRREVIEWER = {John Urbas},
       URL = {https://doi.org/10.1007/s00032-010-0110-y},
}

@book {GHL,
    AUTHOR = {Gallot, Sylvestre and Hulin, Dominique and Lafontaine,
              Jacques},
     TITLE = {Riemannian geometry},
    SERIES = {Universitext},
   EDITION = {Third},
 PUBLISHER = {Springer-Verlag, Berlin},
      YEAR = {2004},
     PAGES = {xvi+322},
      ISBN = {3-540-20493-8},
   MRCLASS = {53-01 (53C20 53C21 53C23)},
  MRNUMBER = {2088027},
MRREVIEWER = {Joseph E. Borzellino},
       DOI = {10.1007/978-3-642-18855-8},
       URL = {http://dx.doi.org/10.1007/978-3-642-18855-8},
}

@article {gg1,
    AUTHOR = {Grady, Ryan and Gwilliam, Owen},
     TITLE = {One-dimensional {C}hern--{S}imons theory and the \^{A} genus},
   JOURNAL = {Algebr. Geom. Topol.},
  FJOURNAL = {Algebraic \& Geometric Topology},
    VOLUME = {14},
      YEAR = {2014},
    NUMBER = {4},
     PAGES = {419--497},
      ISSN = {1472-2747},
    ISSN = {1472-2747},
   MRCLASS = {57R56 (18G55 58J20)},
  MRNUMBER = {3331615},
MRREVIEWER = {Sergiy Koshkin},
       DOI = {10.2140/agt.2014.14.2299},
       URL = {http://dx.doi.org/10.2140/agt.2014.14.2299},
       Zbl = {1305.81114}
}


@article {gg2,
    AUTHOR = {Grady, Ryan and Gwilliam, Owen},
     TITLE = {{$L\sb \infty$} spaces and derived loop spaces},
   JOURNAL = {New York J. Math.},
  FJOURNAL = {New York Journal of Mathematics},
    VOLUME = {21},
      YEAR = {2015},
     PAGES = {231--272},
      ISSN = {1076-9803},
   MRCLASS = {14D23 (17B55 18G55)},
  MRNUMBER = {3358542},
       URL = {http://nyjm.albany.edu:8000/j/2015/21_231.html},

}



@article {PTVV,
    AUTHOR = {Pantev, Tony and To{\"e}n, Bertrand and Vaqui{\'e}, Michel and
              Vezzosi, Gabriele},
     TITLE = {Shifted symplectic structures},
   JOURNAL = {Publ. Math. Inst. Hautes \'Etudes Sci.},
  FJOURNAL = {Publications Math\'ematiques. Institut de Hautes \'Etudes
              Scientifiques},
    VOLUME = {117},
      YEAR = {2013},
     PAGES = {271--328},
      ISSN = {0073-8301},
   MRCLASS = {14F05 (14A15 18F20 18G30 53D05 53D12)},
  MRNUMBER = {3090262},
MRREVIEWER = {Andrey Yu. Lazarev},
       DOI = {10.1007/s10240-013-0054-1},
       URL = {http://dx.doi.org/10.1007/s10240-013-0054-1},
}

@article {Getzler,
    AUTHOR = {Getzler, Ezra},
     TITLE = {Lie theory for nilpotent {$L\sb \infty$}-algebras},
   JOURNAL = {Ann. of Math. (2)},
  FJOURNAL = {Annals of Mathematics. Second Series},
    VOLUME = {170},
      YEAR = {2009},
    NUMBER = {1},
     PAGES = {271--301},
      ISSN = {0003-486X},
     CODEN = {ANMAAH},
   MRCLASS = {17B55 (18G55 55U10)},
  MRNUMBER = {2521116 (2010g:17026)},
MRREVIEWER = {Elena Poletaeva},
       DOI = {10.4007/annals.2009.170.271},
       URL = {http://dx.doi.org/10.4007/annals.2009.170.271},
       Zbl = {1246.17025}
}


@unpublished {Hennion,
   AUTHOR = {Hennion, Benjamin},
     TITLE = {Tangent {L}ie algebra of derived {A}rtin stacks},
 NOTE = {available at \href{http://front.math.ucdavis.edu/1312.3167}{arXiv:1312.3167}}
}



@article {SV,
    AUTHOR = {\v{S}evera, Pavol and Valach, Fridrich},
     TITLE = {Ricci flow, {C}ourant algebroids, and renormalization of
              {P}oisson-{L}ie {T}-duality},
   JOURNAL = {Lett. Math. Phys.},
  FJOURNAL = {Letters in Mathematical Physics},
    VOLUME = {107},
      YEAR = {2017},
    NUMBER = {10},
     PAGES = {1823--1835},
      ISSN = {0377-9017},
   MRCLASS = {53D18 (81T17)},
  MRNUMBER = {3690034},
       DOI = {10.1007/s11005-017-0968-5},
       URL = {https://doi.org/10.1007/s11005-017-0968-5},
}


@article {EWY,
    AUTHOR = {Elliott, Chris and Williams, Brian and Yoo, Philsang},
     TITLE = {Asymptotic freedom in the {BV} formalism},
   JOURNAL = {J. Geom. Phys.},
  FJOURNAL = {Journal of Geometry and Physics},
    VOLUME = {123},
      YEAR = {2018},
     PAGES = {246--283},
      ISSN = {0393-0440},
   MRCLASS = {81T13 (53D50)},
  MRNUMBER = {3724786},
       DOI = {10.1016/j.geomphys.2017.08.009},
       URL = {https://doi.org/10.1016/j.geomphys.2017.08.009},
}

@article {Nguyen,
    AUTHOR = {Nguyen, Timothy},
     TITLE = {Quantization of the nonlinear sigma model revisited},
   JOURNAL = {J. Math. Phys.},
  FJOURNAL = {Journal of Mathematical Physics},
    VOLUME = {57},
      YEAR = {2016},
    NUMBER = {8},
     PAGES = {082301, 40},
      ISSN = {0022-2488},
   MRCLASS = {81T20},
  MRNUMBER = {3539697},
       DOI = {10.1063/1.4961153},
       URL = {http://dx.doi.org/10.1063/1.4961153},
}

@book {cg1,
    AUTHOR = {Costello, Kevin and Gwilliam, Owen},
     TITLE = {Factorization algebras in quantum field theory. {V}ol. 1},
    SERIES = {New Mathematical Monographs},
    VOLUME = {31},
 PUBLISHER = {Cambridge University Press, Cambridge},
      YEAR = {2017},
     PAGES = {ix+387},
      ISBN = {978-1-107-16310-2},
   MRCLASS = {81-01 (17B69 18D50 53D55 81R05 81R10)},
  MRNUMBER = {3586504},
       DOI = {10.1017/9781316678626},
       URL = {http://dx.doi.org/10.1017/9781316678626},
}

@unpublished{cg2,
  title={Factorization algebras in quantum field theory. {V}ol. 2},
  author={Costello, Kevin and Gwilliam, Owen},
  note={available at \url{http://people.mpim-bonn.mpg.de/gwilliam/vol2may8.pdf}}
}


@unpublished {wg2,
   AUTHOR = {Costello, Kevin},
     TITLE = {A geometric construction of the {W}itten genus, {II}},
 NOTE = {available at \href{http://front.math.ucdavis.edu/1112.0816}{arXiv:1112.0816}}
}

@unpublished {ggw,
   AUTHOR = {Gourbonov, Vasily and Gwilliam, Owen and Williams, Brian},
     TITLE = {Chiral differential operators via {B}atalin-{V}ilkovisky quantization},
 NOTE = {available at \href{https://arxiv.org/abs/1610.09657}{arXiv:1610.09657}}
}

@unpublished {BD,
   AUTHOR = {Beilinson, A. and Drinfeld, V.},
     TITLE = {Quantization of Hitchin's integrable system and Hecke eigensheaves},
 NOTE = {available from \href{http://www.math.uchicago.edu/~mitya/langlands/hitchin/BD-hitchin.pdf}{UChicago}}
}


@article {GLL,
    AUTHOR = {Grady, Ryan E. and Li, Qin and Li, Si},
     TITLE = {Batalin--{V}ilkovisky quantization and the algebraic index},
   JOURNAL = {Adv. Math.},
  FJOURNAL = {Advances in Mathematics},
    VOLUME = {317},
      YEAR = {2017},
     PAGES = {575--639},
      ISSN = {0001-8708},
   MRCLASS = {53D55 (58J20 81Q30 81T15)},
  MRNUMBER = {3682678},
       DOI = {10.1016/j.aim.2017.07.007},
       URL = {http://dx.doi.org/10.1016/j.aim.2017.07.007},
}

@article {LiLi,
    AUTHOR = {Li, Qin and Li, Si},
     TITLE = {On the {B}-twisted topological sigma model and {C}alabi--{Y}au
              geometry},
   JOURNAL = {J. Differential Geom.},
  FJOURNAL = {Journal of Differential Geometry},
    VOLUME = {102},
      YEAR = {2016},
    NUMBER = {3},
     PAGES = {409--484},
      ISSN = {0022-040X},
   MRCLASS = {Preliminary Data},
  MRNUMBER = {3466804},
       URL = {http://projecteuclid.org/euclid.jdg/1456754015},
}

@unpublished {GR,
   AUTHOR = {Gaitsgory, Dennis and Rozenblyum, Nikita},
     TITLE = {A study in derived algebraic geometry},
 NOTE = {available at \href{http://www.math.harvard.edu/~gaitsgde/GL/}{author's homepage}}
}


@article {AKSZ,
    AUTHOR = {Alexandrov, M. and Schwarz, A. and Zaboronsky, O. and
              Kontsevich, M.},
     TITLE = {The geometry of the master equation and topological quantum
              field theory},
   JOURNAL = {Internat. J. Modern Phys. A},
  FJOURNAL = {International Journal of Modern Physics A. Particles and
              Fields. Gravitation. Cosmology. Nuclear Physics},
    VOLUME = {12},
      YEAR = {1997},
    NUMBER = {7},
     PAGES = {1405--1429},
      ISSN = {0217-751X},
   MRCLASS = {81T70 (58D29 58F05)},
  MRNUMBER = {1432574 (98a:81235)},
MRREVIEWER = {Luigi Martina},
       DOI = {10.1142/S0217751X97001031},
       URL = {http://dx.doi.org.turing.library.northwestern.edu/10.1142/S0217751X97001031},
       ZBL = {1073.81655}
}

@book {Cos1,
    AUTHOR = {Costello, Kevin},
     TITLE = {Renormalization and effective field theory},
    SERIES = {Mathematical Surveys and Monographs},
    VOLUME = {170},
 PUBLISHER = {American Mathematical Society},
   ADDRESS = {Providence, RI},
      YEAR = {2011},
     PAGES = {viii+251},
      ISBN = {978-0-8218-5288-0},
   MRCLASS = {81T15 (58Jxx 81T70)},
  MRNUMBER = {2778558},
  Zbl = {1221.81004}
}


@article {At,
    AUTHOR = {Atiyah, M. F.},
     TITLE = {Complex analytic connections in fibre bundles},
   JOURNAL = {Trans. Amer. Math. Soc.},
  FJOURNAL = {Transactions of the American Mathematical Society},
    VOLUME = {85},
      YEAR = {1957},
     PAGES = {181--207},
      ISSN = {0002-9947},
   MRCLASS = {53.3X},
  MRNUMBER = {0086359 (19,172c)},
MRREVIEWER = {F. Hirzebruch},
}

@article {CFT,
    AUTHOR = {Cattaneo, Alberto S. and Felder, Giovanni and Tomassini,
              Lorenzo},
     TITLE = {From local to global deformation quantization of {P}oisson
              manifolds},
   JOURNAL = {Duke Math. J.},
  FJOURNAL = {Duke Mathematical Journal},
    VOLUME = {115},
      YEAR = {2002},
    NUMBER = {2},
     PAGES = {329--352},
      ISSN = {0012-7094},
     CODEN = {DUMJAO},
   MRCLASS = {53D55 (53D17)},
  MRNUMBER = {1944574 (2004a:53114)},
MRREVIEWER = {Martin Schlichenmaier},
       DOI = {10.1215/S0012-7094-02-11524-5},
       URL = {http://dx.doi.org/10.1215/S0012-7094-02-11524-5},
}


@article {Kap,
    AUTHOR = {Kapranov, M.},
     TITLE = {Rozansky-{W}itten invariants via {A}tiyah classes},
   JOURNAL = {Compositio Math.},
  FJOURNAL = {Compositio Mathematica},
    VOLUME = {115},
      YEAR = {1999},
    NUMBER = {1},
     PAGES = {71--113},
      ISSN = {0010-437X},
     CODEN = {CMPMAF},
   MRCLASS = {57R57 (17B70 32J18 53D35 55P48 57M27 57R56)},
  MRNUMBER = {1671737 (2000h:57056)},
MRREVIEWER = {Philip A. Foth},
       DOI = {10.1023/A:1000664527238},
       URL = {http://dx.doi.org/10.1023/A:1000664527238},
}




@article {CVDB,
    AUTHOR = {Calaque, Damien and Van den Bergh, Michel},
     TITLE = {Hochschild cohomology and {A}tiyah classes},
   JOURNAL = {Adv. Math.},
  FJOURNAL = {Advances in Mathematics},
    VOLUME = {224},
      YEAR = {2010},
    NUMBER = {5},
     PAGES = {1839--1889},
      ISSN = {0001-8708},
     CODEN = {ADMTA4},
   MRCLASS = {14F05 (14D23 14F43 18G55 53D55)},
  MRNUMBER = {2646112 (2011i:14037)},
MRREVIEWER = {Jeremy Lee Pecharich},
       DOI = {10.1016/j.aim.2010.01.012},
       URL = {http://dx.doi.org/10.1016/j.aim.2010.01.012},
}


@article {CalaquePBW,
    AUTHOR = {Calaque, Damien},
     TITLE = {A {PBW} theorem for inclusions of (sheaves of) {L}ie
              algebroids},
   JOURNAL = {Rend. Semin. Mat. Univ. Padova},
  FJOURNAL = {Rendiconti del Seminario Matematico della Universit\`a di
              Padova},
    VOLUME = {131},
      YEAR = {2014},
     PAGES = {23--47},
      ISSN = {0041-8994},
   MRCLASS = {17B35},
  MRNUMBER = {3217749},
       DOI = {10.4171/RSMUP/131-3},
       URL = {http://dx.doi.org/10.4171/RSMUP/131-3},
}


@article {CDH,
    AUTHOR = {Calaque, Damien and Dolgushev, Vasiliy and Halbout, Gilles},
     TITLE = {Formality theorems for {H}ochschild chains in the {L}ie
              algebroid setting},
   JOURNAL = {J. Reine Angew. Math.},
  FJOURNAL = {Journal f\"ur die Reine und Angewandte Mathematik. [Crelle's
              Journal]},
    VOLUME = {612},
      YEAR = {2007},
     PAGES = {81--127},
      ISSN = {0075-4102},
     CODEN = {JRMAA8},
   MRCLASS = {53D55 (16E40 16E45 17B56)},
  MRNUMBER = {2364075 (2008j:53153)},
MRREVIEWER = {Beno\^ {\i}t Fresse},
       DOI = {10.1515/CRELLE.2007.085},
       URL = {http://dx.doi.org/10.1515/CRELLE.2007.085},
}

@article {CRVDB,
    AUTHOR = {Calaque, Damien and Rossi, Carlo A. and van den Bergh, Michel},
     TITLE = {Hochschild (co)homology for {L}ie algebroids},
   JOURNAL = {Int. Math. Res. Not. IMRN},
  FJOURNAL = {International Mathematics Research Notices. IMRN},
      YEAR = {2010},
    NUMBER = {21},
     PAGES = {4098--4136},
      ISSN = {1073-7928},
   MRCLASS = {14F05 (16E40)},
  MRNUMBER = {2738352 (2011m:14026)},
MRREVIEWER = {Paolo Stellari},
       DOI = {10.1093/imrn/rnq033},
       URL = {http://dx.doi.org/10.1093/imrn/rnq033},
}


@article {Ping,
    AUTHOR = {Laurent-Gengoux, Camille and Sti{\'e}non, Mathieu and Xu,
              Ping},
     TITLE = {Exponential map and {$L\sb \infty$} algebra associated to a
              {L}ie pair},
   JOURNAL = {C. R. Math. Acad. Sci. Paris},
  FJOURNAL = {Comptes Rendus Math\'ematique. Acad\'emie des Sciences. Paris},
    VOLUME = {350},
      YEAR = {2012},
    NUMBER = {17-18},
     PAGES = {817--821},
      ISSN = {1631-073X},
   MRCLASS = {53D17 (22A22 32Q15)},
  MRNUMBER = {2989383},
MRREVIEWER = {Oksana S. Yakimova},
       DOI = {10.1016/j.crma.2012.08.009},
       URL = {http://dx.doi.org/10.1016/j.crma.2012.08.009},
}

@article {Fried,
    AUTHOR = {Friedan, Daniel Harry},
     TITLE = {Nonlinear models in {$2+\varepsilon$} dimensions},
   JOURNAL = {Ann. Physics},
  FJOURNAL = {Annals of Physics},
    VOLUME = {163},
      YEAR = {1985},
    NUMBER = {2},
     PAGES = {318--419},
      ISSN = {0003-4916},
   MRCLASS = {81E20 (58E15)},
  MRNUMBER = {811072},
MRREVIEWER = {Bo-Sture Skagerstam},
       DOI = {10.1016/0003-4916(85)90384-7},
       URL = {http://dx.doi.org/10.1016/0003-4916(85)90384-7},
}


